@article{Chatrchyan_2012,
   
    author = "Chatrchyan, Serguei and others",
    collaboration = "CMS",
    title = "{Observation of a new boson at a mass of 125 GeV with the CMS experiment at the LHC}",
    eprint = "1207.7235",
    archivePrefix = "arXiv",
    primaryClass = "hep-ex",
    reportNumber = "CMS-HIG-12-028, CERN-PH-EP-2012-220",
    doi = "10.1016/j.physletb.2012.08.021",
    journal = "Phys. Lett. B",
    volume = "716",
    pages = "30",
    year = "2012"
}
@article{CMS:2013btf,
    author = "Chatrchyan, Serguei and others",
    collaboration = "CMS",
    title = "{Observation of a new boson with mass near 125 GeV in pp collisions at $\sqrt{s}$ = 7 and 8 TeV}",
    eprint = "1303.4571",
    archivePrefix = "arXiv",
    primaryClass = "hep-ex",
    reportNumber = "CMS-HIG-12-036, CERN-PH-EP-2013-035",
    doi = "10.1007/JHEP06(2013)081",
    journal = "JHEP",
    volume = "06",
    pages = "081",
    year = "2013"
}
@article{Anastasiou:2016cez,
    author = "Anastasiou, Charalampos and Duhr, Claude and Dulat, Falko and Furlan, Elisabetta and Gehrmann, Thomas and Herzog, Franz and Lazopoulos, Achilleas and Mistlberger, Bernhard",
    title = "{High precision determination of the gluon fusion Higgs boson cross-section at the LHC}",
    eprint = "1602.00695",
    archivePrefix = "arXiv",
    primaryClass = "hep-ph",
    reportNumber = "CP3-16-01, ZU-TH-27-15, NIKHEF-2016-004, CERN-TH-2016-006",
    doi = "10.1007/JHEP05(2016)058",
    journal = "JHEP",
    volume = "05",
    pages = "058",
    year = "2016"
}
@article{PhysRevLett.115.082002,
 title = {Fully differential vector-boson-fusion Higgs production at next-to-next-to-leading order},
  author = {Cacciari, Matteo and Dreyer, Fr\'ed\'eric A. and Karlberg, Alexander and Salam, Gavin P. and Zanderighi, Giulia},
  journal = {Phys. Rev. Lett.},
  volume = {115},
  issue = {8},
  pages = {082002},
  numpages = {5},
  year = {2015},
  month = {Aug},
  publisher = {American Physical Society},
  doi = {10.1103/PhysRevLett.115.082002},
  url = {https://link.aps.org/doi/10.1103/PhysRevLett.115.082002},
  note           = "[Erratum: \doi{10.1103/PhysRevLett.120.139901}]",
}
@article{AGOSTINELLI2003250,
title = {Geant4$-$a simulation toolkit},
author = {},
journal = {Nucl. Instrum. Meth. A},
volume = {506},
pages = {250},
year = {2003},
issn = {0168-9002},
doi = {10.1016/S0168-9002(03)01368-8},
}
@TECHREPORT{CMS-PAS-JME-10-003,
      AUTHOR      = "{CMS Collaboration}",
      COLLABORATION = {CMS},
      TITLE       = "Jet performance in pp collisions at $\sqrt{s}=7$ {TeV}",
      URL         = "http://cdsweb.cern.ch/record/1279362",
      TYPE     = "CMS Physics Analysis Summary",
      NUMBER      = "CMS-PAS-JME-10-003",
      YEAR        = "2010"
}    %%%%%%%%%%%%%%%%%%%%%%%%%%%%%%%%%%%%%%%%%%%%     
@Techreport{CMS-PAS-JME-16-003,
      AUTHOR      = "{CMS Collaboration}",
      COLLABORATION = "{CMS}",
      TITLE       = {Jet algorithms performance in 13 {TeV} data},
      URL         = "http://cds.cern.ch/record/2256875",
      TYPE        = "CMS Physics Analysis Summary",
      NUMBER      = "CMS-PAS-JME-16-003",
      YEAR        = "2017"
}                                                                                                                            


@article{BREIN2004149,
author = "Brein, Oliver and Djouadi, Abdelhak and Harlander, Robert",
    title = "{NNLO QCD corrections to the Higgs-strahlung processes at hadron colliders}",
    eprint = "hep-ph/0307206",
    archivePrefix = "arXiv",
    reportNumber = "MPP-2003-35, CERN-TH-2003-161, PM-03-16",
    doi = "10.1016/j.physletb.2003.10.112",
    journal = "Phys. Lett. B",
    volume = "579",
    pages = "149",
    year = "2004"}
@article{LHC-YR4,
    author = "de Florian, D. and others",
    collaboration = "LHC Higgs Cross Section Working Group",
    title = "{Handbook of LHC Higgs cross sections: 4. deciphering the nature of the Higgs sector}",
    eprint = "1610.07922",
    archivePrefix = "arXiv",
    primaryClass = "hep-ph",
    reportNumber = "CERN-2017-002-M, CERN-2017-002",
    doi = "10.23731/CYRM-2017-002",
    volume = "2/2017",
    month = "10",
    year = "2016"
}
@article{PhysRevD.68.034022,
     author = "Dawson, S. and Jackson, C. and Orr, L. H. and Reina, L. and Wackeroth, D.",
    title = "{Associated Higgs production with top quarks at the large hadron collider: NLO QCD corrections}",
    eprint = "hep-ph/0305087",
    archivePrefix = "arXiv",
    reportNumber = "BNL-HET-03-9, FSU-HEP-2003-0503, UB-HET-03-02",
    doi = "10.1103/PhysRevD.68.034022",
    journal = "Phys. Rev. D",
    volume = "68",
    pages = "034022",
    year = "2003"
}

@article{Aad_2012,
    author = "Aad, Georges and others",
    collaboration = "ATLAS",
    title = "{Observation of a new particle in the search for the standard model Higgs boson with the ATLAS detector at the LHC}",
    eprint = "1207.7214",
    archivePrefix = "arXiv",
    primaryClass = "hep-ex",
    reportNumber = "CERN-PH-EP-2012-218",
    doi = "10.1016/j.physletb.2012.08.020",
    journal = "Phys. Lett. B",
    volume = "716",
    pages = "1",
    year = "2012"
}

  
@article{PhysRevD.98.030001, 
   author = "{Particle Data Group} and Zyla, P. A. and others",
   title = "Review of particle physics",
   doi = "10.1093/ptep/ptaa104",
   journal = "Prog. Theor. Exp. Phys.",
   volume = "2020",
   pages = "083C01",
   year = "2020"
}

@article{Abba96,
      author         = "Abbasabadi, Ali and Bowser-Chao, David and Dicus, Duane
                        A. and Repko, Wayne W.",
      title          = "Radiative {Higgs} boson decays {$\PH\to ff\gamma$}",
      journal        = "Phys. Rev. D",
      volume         = "55",
      pages          = "5647",
      doi            = "10.1103/PhysRevD.55.5647",
      year           = "1997",
      eprint         = "hep-ph/9611209",
      archivePrefix  = "arXiv",
      primaryClass   = "hep-ph",
      reportNumber   = "MSUHEP-61022, DOE-ER-40757-088, U-TEXAS-HEP-96-19",
      SLACcitation   = "%%CITATION = HEP-PH/9611209;%%",
}
@article{Chen12,
      author         = "Chen, Long Bin and Qiao, Cong Feng and Zhu, Rui Lin",
      title          = "Reconstructing the 125 {GeV SM Higgs} boson through
                        $\ell\bar{\ell}\gamma$",
      journal        = "Phys. Lett. B",
      volume         = "726",
      pages          = "306",
      doi            = "10.1016/j.physletb.2013.08.050",
      year           = "2013",
      eprint         = "1211.6058",
      archivePrefix  = "arXiv",
      primaryClass   = "hep-ph",
      SLACcitation   = "%%CITATION = ARXIV:1211.6058;%%",
}
@article{Htollg-FB-Sun,
      author         = "Sun, Yi and Chang, {Hao-Ran} and Gao, {Dao-Neng}",
      title          = "Higgs decays to $\gamma \ell^+\ell^-$ in the standard model",
      journal        = "JHEP",
      volume         = "05",
      pages          = "061",
      doi            = "10.1007/JHEP05(2013)061",
      year           = "2013",
      eprint         = "1303.2230",
      archivePrefix  = "arXiv",
      primaryClass   = "hep-ph",
      reportNumber   = "USTC-ICTS-12-15",
      SLACcitation   = "%%CITATION = ARXIV:1303.2230;%%",
}

@article{Passarino,
      author         = "Passarino, Giampiero",
      title          = "Higgs boson production and decay: {Dalitz} sector",
      journal        = "Phys. Lett. B",
      volume         = "727",
      pages          = "424",
      doi            = "10.1016/j.physletb.2013.10.052",
      year           = "2013",
      eprint         = "1308.0422",
      archivePrefix  = "arXiv",
      primaryClass   = "hep-ph",
      SLACcitation   = "%%CITATION = ARXIV:1308.0422;%%",
}

@article{2016341,
	author = "Khachatryan, Vardan and others",
    collaboration = "CMS",
    title = "{Search for a Higgs boson decaying into $\gamma^* \gamma \to \ell \ell \gamma$ with low dilepton mass in pp collisions at $\sqrt s = $ 8 TeV}",
    eprint = "1507.03031",
    archivePrefix = "arXiv",
    primaryClass = "hep-ex",
    reportNumber = "CMS-HIG-14-003, CERN-PH-EP-2015-137",
    doi = "10.1016/j.physletb.2015.12.039",
    journal = "Phys. Lett. B",
    volume = "753",
    pages = "341",
    year = "2016"
}
@article{Aad:2015zhl,
      author         = "{ATLAS and CMS Collaborations}",
      title          = "Combined measurement of the {Higgs} boson mass in $pp$
                        Collisions at $\sqrt{s}=7$ and 8 {TeV} with the {ATLAS} and
                        {CMS} Experiments",
      journal        = "Phys. Rev. Lett.",
      volume         = "114",
      year           = "2015",
      pages          = "191803",
      doi            = "10.1103/PhysRevLett.114.191803",
      eprint         = "1503.07589",
      archivePrefix  = "arXiv",
      primaryClass   = "hep-ex",
      reportNumber   = "ATLAS-HIGG-2014-14, CMS-HIG-14-042, CERN-PH-EP-2015-075",
      SLACcitation   = "%%CITATION = ARXIV:1503.07589;%%"
}
@article{Campbell_2013hz,
    author = "Campbell, John M. and Ellis, R. Keith and Giele, Walter T. and Williams, Ciaran",
    title = "{Finding the Higgs boson in decays to $Z \gamma$ using the matrix element method at next-to-leading order}",
    eprint = "1301.7086",
    archivePrefix = "arXiv",
    primaryClass = "hep-ph",
    reportNumber = "FERMILAB-PUB-13-024-T",
    doi = "10.1103/PhysRevD.87.073005",
    journal = "Phys. Rev. D",
    volume = "87",
    
    pages = "073005",
    year = "2013"
}
@article{Aad:2020plj,
    author = "Aad, Georges and others",
    collaboration = "ATLAS",
    title = "{A search for the $Z\gamma$ decay mode of the Higgs boson in pp collisions at $\sqrt{s}$ = 13 TeV with the ATLAS detector}",
    eprint = "2005.05382",
    archivePrefix = "arXiv",
    primaryClass = "hep-ex",
    reportNumber = "CERN-EP-2020-052",
    doi = "10.1016/j.physletb.2020.135754",
    journal = "Phys. Lett. B",
    volume = "809",
    pages = "135754",
    year = "2020"
}
@article{Djouadi:1996yq,
    author = "Djouadi, A. and Driesen, V. and Hollik, W. and Kraft, A.",
    title = "{The Higgs-photon-Z boson coupling revisited}",
    eprint = "hep-ph/9701342",
    archivePrefix = "arXiv",
    reportNumber = "KA-TP-30-1996, PM-96-39",
    doi = "10.1007/BF01245806",
    journal = "Eur. Phys. J. C",
    volume = "1",
    pages = "163",
    year = "1998"
}
@article{Zg_theory_extension,
    author = "Chiang, Cheng-Wei and Yagyu, Kei",
    title = "{Higgs boson decays to \ensuremath{\gamma}\ensuremath{\gamma} and Z\ensuremath{\gamma} in models with Higgs extensions}",
    eprint = "1207.1065",
    archivePrefix = "arXiv",
    primaryClass = "hep-ph",
    doi = "10.1103/PhysRevD.87.033003",
    journal = "Phys. Rev. D",
    volume = "87",
    pages = "033003",
    year = "2013"
}
@article{Zg_theory_decaywidth,
    author = "Carena, Marcela and Low, Ian and Wagner, Carlos E. M.",
    title = "{Implications of a modified Higgs to diphoton decay width}",
    eprint = "1206.1082",
    archivePrefix = "arXiv",
    primaryClass = "hep-ph",
    reportNumber = "ANL-HEP-PR-12-35, FERMILAB-PUB-12-922-T",
    doi = "10.1007/JHEP08(2012)060",
    journal = "JHEP",
    volume = "08",
    pages = "060",
    year = "2012"
}

@article{CMS:2021kom,
    author = "Sirunyan, Albert M and others",
    collaboration = "CMS",
    title = "{Measurements of Higgs boson production cross sections and couplings in the diphoton decay channel at $ \sqrt{\mathrm{s}} $ = 13 TeV}",
    eprint = "2103.06956",
    archivePrefix = "arXiv",
    primaryClass = "hep-ex",
    reportNumber = "CMS-HIG-19-015, CERN-EP-2021-038",
    doi = "10.1007/JHEP07(2021)027",
    journal = "JHEP",
    volume = "07",
    pages = "027",
    year = "2021"
    }
    @article{CMS:2020cmk,
    author = "Sirunyan, Albert M and others",
    collaboration = "CMS",
    title = "{Performance of the CMS Level-1 trigger in proton-proton collisions at $\sqrt{s} =$ 13 TeV}",
    eprint = "2006.10165",
    archivePrefix = "arXiv",
    primaryClass = "hep-ex",
    reportNumber = "CMS-TRG-17-001, CERN-EP-2020-065",
    doi = "10.1088/1748-0221/15/10/P10017",
    journal = "JINST",
    volume = "15",
    pages = "P10017",
    year = "2020"
}
@article{CMS-DP-2018-017,
	author = "Rembser, Jonas",
    collaboration = "CMS",
    title = "{CMS Electron and Photon Performance at 13 TeV}",
    doi = "10.1088/1742-6596/1162/1/012008",
    journal = "J. Phys. Conf. Ser.",
    volume = "1162",
    pages = "012008",
    year = "2019"
}
    @article{CMS:2020ebo,
    author = "Sirunyan, Albert M and others",
    collaboration = "CMS",
    title = "{Pileup mitigation at CMS in 13 TeV data}",
    eprint = "2003.00503",
    archivePrefix = "arXiv",
    primaryClass = "hep-ex",
    reportNumber = "CMS-JME-18-001, CERN-EP-2020-017",
    doi = "10.1088/1748-0221/15/09/P09018",
    journal = "JINST",
    volume = "15",
    pages = "P09018",
    year = "2020"
}
@article{CMS:2020xrn,
    author = "Sirunyan, Albert M and others",
    collaboration = "CMS",
    title = "{A measurement of the Higgs boson mass in the diphoton decay channel}",
    eprint = "2002.06398",
    archivePrefix = "arXiv",
    primaryClass = "hep-ex",
    reportNumber = "CMS-HIG-19-004, CERN-EP-2020-004",
    doi = "10.1016/j.physletb.2020.135425",
    journal = "Phys. Lett. B",
    volume = "805",
    pages = "135425",
    year = "2020"
}
@article{bib:htozz2016,
      author         = "Sirunyan, Albert M and others",
      title          = "Measurements of properties of the {Higgs} boson decaying
                        into the four-lepton final state in pp collisions at $
                        \sqrt{s}=13 $ {TeV}",
      collaboration  = "CMS",
      journal        = "JHEP",
      volume         = "11",
      year           = "2017",
      pages          = "047",
      doi            = "10.1007/JHEP11(2017)047",
      eprint         = "1706.09936",
      archivePrefix  = "arXiv"
}
@article{atlas_llgrun2,
author = "Aad, Georges and others",
    collaboration = "ATLAS",
    title = "{Evidence for Higgs boson decays to a low-mass dilepton system and a photon in pp collisions at $\sqrt{s}$=13 TeV with the ATLAS detector}",
    eprint = "2103.10322",
    archivePrefix = "arXiv",
    primaryClass = "hep-ex",
    reportNumber = "CERN-EP-2021-035",
    doi = "10.1016/j.physletb.2021.136412",
    journal = "Phys. Lett. B",
    volume = "819",
    pages = "136412",
    year = "2021"
}



@article{atl-HZG,
      author         = "Aad, Georges and others",
      title          = "Search for {Higgs} boson decays to a photon and a {Z} boson
                        in pp collisions at $\sqrt{s}$ = 7 and 8 {TeV} with the {ATLAS}
                        detector",
      collaboration  = "ATLAS",
      journal        = "Phys. Lett. B",
      volume         = "732",
      pages          = "8",
      doi            = "10.1016/j.physletb.2014.03.015",
      year           = "2014",
      eprint         = "1402.3051",
      archivePrefix  = "arXiv",
      primaryClass   = "hep-ex",
      reportNumber   = "CERN-PH-EP-2014-006",
      SLACcitation   = "%%CITATION = ARXIV:1402.3051;%%",
}

@article{cms-HZG,
      author         = "Chatrchyan, Serguei and others",
      title          = "Search for a {Higgs} boson decaying into a {Z} and a photon
                        in pp collisions at $\sqrt{s} = 7$ and {8\TeV}",
      collaboration  = "CMS",
      journal        = "Phys. Lett. B",
      volume         = "726",
      pages          = "587",
      doi            = "10.1016/j.physletb.2013.09.057",
      year           = "2013",
      eprint         = "1307.5515",
      archivePrefix  = "arXiv",
      primaryClass   = "hep-ex",
      reportNumber   = "CMS-HIG-13-006, CERN-PH-EP-2013-113",
      SLACcitation   = "%%CITATION = ARXIV:1307.5515;%%",
}



@article{cite:tagandprobe,
 author         = "Chatrchyan, Serguei and others",
      title          = "Measurement of the Inclusive $\textrm{W}$ and $\textrm{Z}$ Production Cross Sections in pp Collisions at $\sqrt{s}=7$ {TeV}",
      collaboration  = "CMS",
      journal        = "JHEP",
      volume         = "10",
      year           = "2011",
      pages          = "132",
      doi            = "10.1007/JHEP10(2011)132",
      eprint         = "1107.4789",
      archivePrefix  = "arXiv",
      primaryClass   = "hep-ex",
      reportNumber   = "CERN-PH-EP-2011-107, CMS-EWK-10-005",
      SLACcitation   = "%%CITATION = ARXIV:1107.4789;%%"
}


@article{CMS:2018jrd,
    author = "Sirunyan, A. M. and others",
    collaboration = "CMS",
    title = "{Performance of reconstruction and identification of $\tau$ leptons decaying to hadrons and $\nu_\tau$ in pp collisions at $\sqrt{s}=$ 13 TeV}",
    eprint = "1809.02816",
    archivePrefix = "arXiv",
    primaryClass = "hep-ex",
    reportNumber = "CMS-TAU-16-003, CERN-EP-2018-229",
    doi = "10.1088/1748-0221/13/10/P10005",
    journal = "JINST",
    volume = "13",
    pages = "P10005",
    year = "2018"
}

@article{CMS:2014pgm,
    author = "Chatrchyan, Serguei and others",
    collaboration = "CMS",
    title = "{Description and performance of track and primary-vertex reconstruction with the CMS tracker}",
    eprint = "1405.6569",
    archivePrefix = "arXiv",
    primaryClass = "physics.ins-det",
    reportNumber = "CMS-TRK-11-001, CERN-PH-EP-2014-070",
    doi = "10.1088/1748-0221/9/10/P10009",
    journal = "JINST",
    volume = "9",
    pages = "P10009",
    year = "2014"
}






 @Article{Cacciari:2007fd,
     author    = "Cacciari, Matteo and Salam, Gavin P.",
     title     = "Pileup subtraction using jet areas",
     journal   = "Phys. Lett. B",
     volume    = "659",
     year      = "2008",
     pages     = "119",
     eprint    = "0707.1378",
     archivePrefix = "arXiv",
     primaryClass  =  "hep-ph",
     doi       = "10.1016/j.physletb.2007.09.077",
     SLACcitation  = "%%CITATION = 0707.1378;%%"
}

@article{Cacciari:2008gp,
    author = "Cacciari, Matteo and Salam, Gavin P. and Soyez, Gregory",
    title = "{The anti-$k_\textrm{T}$ jet clustering algorithm}",
    eprint = "0802.1189",
    archivePrefix = "arXiv",
    primaryClass = "hep-ph",
    reportNumber = "LPTHE-07-03",
    doi = "10.1088/1126-6708/2008/04/063",
    journal = "JHEP",
    volume = "04",
    pages = "063",
    year = "2008"
}
@Article{Cacciari:2008gn,
     author    = "Cacciari, Matteo and Salam, Gavin P. and Soyez, Gregory",
     title     = "The catchment area of jets",
     journal   = "JHEP",
     volume    = "04",
     year      = "2008",
     pages     = "005",
     eprint    = "0802.1188",
     archivePrefix = "arXiv",
     primaryClass  =  "hep-ph",
     doi       = "10.1088/1126-6708/2008/04/005",
     SLACcitation  = "%%CITATION = 0802.1188;%%"
}






@article{Rainwater:1996ud,
      author         = "Rainwater, David L. and Szalapski, R. and Zeppenfeld, D.",
      title          = "Probing color singlet exchange in $\textrm{Z}$ + two jet events
                        at the {CERN LHC}",
      journal        = "Phys. Rev. D",
      volume         = "54",
      year           = "1996",
      pages          = "6680",
      doi            = "10.1103/PhysRevD.54.6680",
      eprint         = "hep-ph/9605444",
      archivePrefix  = "arXiv",
      primaryClass   = "hep-ph",
      reportNumber   = "MADPH-96-943, KEK-TH-485, KEK-PREPRINT-96-24",
      SLACcitation   = "%%CITATION = HEP-PH/9605444;%%"
}



@article{Alwall:2014hca,
      author         = "Alwall, J. and Frederix, R. and Frixione, S. and Hirschi,
                        V. and Maltoni, F. and Mattelaer, O. and Shao, H.-S. and Stelzer, T. and Torrielli, P. and Zaro, M.",
      title          = "The automated computation of tree-level and
                        next-to-leading order differential cross sections, and
                        their matching to parton shower simulations",
      journal        = "JHEP",
      volume         = "07",
      pages          = "079",
      doi            = "10.1007/JHEP07(2014)079",
      year           = "2014",
      eprint         = "1405.0301",
      archivePrefix  = "arXiv",
      primaryClass   = "hep-ph",
      reportNumber   = "CERN-PH-TH-2014-064, CP3-14-18, LPN14-066, MCNET-14-09,
                        ZU-TH-14-14",
      SLACcitation   = "%%CITATION = ARXIV:1405.0301;%%"
}


@article{nnpdf30,
      author         = "Ball, Richard D. and others",
      title          = "Parton distributions for the {LHC} Run {II}",
      collaboration  = "NNPDF",
      journal        = "JHEP",
      volume         = "04",
      year           = "2015",
      pages          = "040",
      doi            = "10.1007/JHEP04(2015)040",
      eprint         = "1410.8849",
      archivePrefix  = "arXiv",
      primaryClass   = "hep-ph",
      reportNumber   = "EDINBURGH-2014-15, IFUM-1034-FT, CERN-PH-TH-2013-253,
                        OUTP-14-11P, CAVENDISH-HEP-14-11",
      SLACcitation   = "%%CITATION = ARXIV:1410.8849;%%"
}




@article{Sjostrand:2014zea,
      author         = "Sj{\"o}strand, Torbjorn and Ask, Stefan and Christiansen,
                        Jesper R. and Corke, Richard and Desai, Nishita and Ilten,
                        Philip and Mrenna, Stephen and Prestel, Stefan and
                        Rasmussen, Christine O. and Skands, Peter Z.",
      title          = "An Introduction to {PYTHIA 8.2}",
      journal        = "Comput. Phys. Commun.",
      volume         = "191",
      year           = "2015",
      pages          = "159",
      doi            = "10.1016/j.cpc.2015.01.024",
      eprint         = "1410.3012",
      archivePrefix  = "arXiv",
      primaryClass   = "hep-ph",
      reportNumber   = "LU-TP-14-36, MCNET-14-22, CERN-PH-TH-2014-190,
                        FERMILAB-PUB-14-316-CD, DESY-14-178, SLAC-PUB-16122",
      SLACcitation   = "%%CITATION = ARXIV:1410.3012;%%"
}


@article{cite:powheg1,
      author         = "Alioli, Simone and Nason, Paolo and Oleari, Carlo and Re,
                        Emanuele",
      title          = "{NLO Higgs} boson production via gluon fusion matched with
                        shower in {POWHEG}",
      journal        = "JHEP",
      volume         = "04",
      pages          = "002",
      doi            = "10.1088/1126-6708/2009/04/002",
      year           = "2009",
      eprint         = "0812.0578",
      archivePrefix  = "arXiv",
      primaryClass   = "hep-ph",
      SLACcitation   = "%%CITATION = ARXIV:0812.0578;%%",
}

@article{cite:powheg2,
      author         = "Nason, Paolo and Oleari, Carlo",
      title          = "{NLO Higgs} boson production via vector-boson fusion
                        matched with shower in {POWHEG}",
      journal        = "JHEP",
      volume         = "02",
      pages          = "037",
      doi            = "10.1007/JHEP02(2010)037",
      year           = "2010",
      eprint         = "0911.5299",
      archivePrefix  = "arXiv",
      primaryClass   = "hep-ph",
      SLACcitation   = "%%CITATION = ARXIV:0911.5299;%%",
}



@article{Khachatryan:2015pea,
      author         = "Khachatryan, Vardan and others",
      title          = "Event generator tunes obtained from underlying event and
                        multiparton scattering measurements",
      collaboration  = "CMS",
      journal        = "Eur. Phys. J. C",
      volume         = "76",
      year           = "2016",
      pages          = "155",
      doi            = "10.1140/epjc/s10052-016-3988-x",
      eprint         = "1512.00815",
      archivePrefix  = "arXiv",
      primaryClass   = "hep-ex",
      reportNumber   = "CMS-GEN-14-001, CERN-PH-EP-2015-291",
      SLACcitation   = "%%CITATION = ARXIV:1512.00815;%%"
}
@article{Sirunyan:2019dfx,
    author = "Sirunyan, Albert M and others",
    collaboration = "CMS",
    title = "{Extraction and validation of a new set of CMS PYTHIA8 tunes from underlying-event measurements}",
    eprint = "1903.12179",
    archivePrefix = "arXiv",
    primaryClass = "hep-ex",
    reportNumber = "CMS-GEN-17-001, CERN-EP-2019-007",
    doi = "10.1140/epjc/s10052-019-7499-4",
    journal = "Eur. Phys. J. C",
    volume = "80",
    pages = "4",
    year = "2020"
}
@phdthesis{CB-Oreglia,
     AUTHOR       = "Oreglia, M. J.",
     TITLE        = "A study of the reactions $\psi^\prime \to \gamma \gamma \psi$",
     SCHOOL       = "Stanford University",
     note        = "{SLAC} Report {SLAC-R-236}, see Appendix {D}",
     URL          = "http://www.slac.stanford.edu/pubs/slacreports/slac-r-236.html",
     YEAR         = "1980"
}
@article{Ackerstaffetal.1998,
author = "Ackerstaff, K. and others",
    collaboration = "OPAL",
    title = "{Search for anomalous production of dilepton events with missing transverse momentum in $e^+e^-$ collisions at $\sqrt{s}$ = 161 GeV and 172 GeV}",
    eprint = "hep-ex/9710010",
    archivePrefix = "arXiv",
    doi = "10.1007/PL00021655",
    journal = "Eur. Phys. J. C",
    volume = "4",
    pages = "47",
    year = "1998"
}
@article{VESTERINEN2009432,
 author = "Vesterinen, M. and Wyatt, T. R.",
    title = "{A novel technique for studying the $\textrm{Z}$ boson transverse momentum distribution at hadron colliders}",
    eprint = "0807.4956",
    archivePrefix = "arXiv",
    primaryClass = "hep-ex",
    doi = "10.1016/j.nima.2009.01.203",
    journal = "Nucl. Instrum. Meth. A",
    volume = "602",
    pages = "432",
    year = "2009"
}


@article{cite:l1,
      author         = "Read, Alexander L.",
      title          = "{Presentation of search results: The CL$_{s}$ technique}",
      booktitle      = "Advanced Statistical Techniques in Particle Physics.
                        Proceedings, Conference, {Durham}, {UK}, March 18-22, 2002",
      journal        = "J. Phys. G",
      volume         = "28",
      year           = "2002",
      pages          = "2693",
      doi            = "10.1088/0954-3899/28/10/313",
      SLACcitation   = "%%CITATION = JPAGA,G28,2693;%%"
    }


@article{cite:l2,
      author         = "Junk, Thomas",
      title          = "Confidence level computation for combining searches with
                        small statistics",
      journal        = "Nucl. Instrum. Meth. A",
      volume         = "434",
      year           = "1999",
      pages          = "435",
      doi            = "10.1016/S0168-9002(99)00498-2",
      eprint         = "hep-ex/9902006",
      archivePrefix  = "arXiv",
      primaryClass   = "hep-ex",
      reportNumber   = "CARLETON-OPAL-PHYS-99-01, CERN-EP-99-041",
      SLACcitation   = "%%CITATION = HEP-EX/9902006;%%"
}
@article{CMS:2018rym,
    author = "Sirunyan, A. M. and others",
    collaboration = "CMS",
    title = "{Performance of the CMS muon detector and muon reconstruction with proton-proton collisions at $\sqrt{s}=$ 13 TeV}",
    eprint = "1804.04528",
    archivePrefix = "arXiv",
    primaryClass = "physics.ins-det",
    reportNumber = "CMS-MUO-16-001, CERN-EP-2018-058",
    doi = "10.1088/1748-0221/13/06/P06015",
    journal = "JINST",
    volume = "13",
    pages = "P06015",
    year = "2018"
}
@article{CMS:2018piu,
    author = "Sirunyan, A. M. and others",
    collaboration = "CMS",
    title = "{Measurements of Higgs boson properties in the diphoton decay channel in proton-proton collisions at $\sqrt{s} =$ 13 TeV}",
    eprint = "1804.02716",
    archivePrefix = "arXiv",
    primaryClass = "hep-ex",
    reportNumber = "CMS-HIG-16-040, CERN-EP-2018-060",
    doi = "10.1007/JHEP11(2018)185",
    journal = "JHEP",
    volume = "11",
    pages = "185",
    year = "2018"
}
@article{CMS:2015xaf,
      author         = "Khachatryan, Vardan and others",
      title          = "{Performance of electron reconstruction and selection
                        with the CMS detector in proton-proton collisions at
                        $\sqrt{s} = 8$\TeV}",
      collaboration  = "CMS",
      journal        = "JINST",
      volume         = "10",
      pages          = "P06005",
      doi            = "10.1088/1748-0221/10/06/P06005",
      year           = "2015",
      eprint         = "1502.02701",
      archivePrefix  = "arXiv",
      primaryClass   = "physics.ins-det",
      reportNumber   = "CMS-EGM-13-001, CERN-PH-EP-2015-004",
      SLACcitation   = "%%CITATION = ARXIV:1502.02701;%%",
}
@article{CMS:2016ngn,
      author         = "Khachatryan, Vardan and others",
      title              = "{The CMS trigger system}",
      collaboration  = "CMS",
      journal        = "JINST",
      volume         = "12",
      pages          = "P01020",
      doi            = "10.1088/1748-0221/12/01/P01020",
      year           = "2017",
      eprint         = "1609.02366",
      archivePrefix  = "arXiv",
      primaryClass   = "physics.ins-det",
      reportNumber   = "CMS-TRG-12-001, CERN-EP-2016-160",
      SLACcitation   = "%%CITATION = ARXIV:1609.02366;%%"
}
@article{Cowan:2010js,
      author         = "Cowan, Glen and Cranmer, Kyle and Gross, Eilam and
                        Vitells, Ofer",
      title          = "Asymptotic formulae for likelihood-based tests of new
                        physics",
      journal        = "Eur. Phys. J. C",
      volume         = "71",
      year           = "2011",
      pages          = "1554",
      doi            = "10.1140/epjc/s10052-011-1554-0",
      note           = "[Erratum: \doi{10.1140/epjc/s10052-013-2501-z}]",
      eprint         = "1007.1727",
      archivePrefix  = "arXiv",
      primaryClass   = "physics.data-an",
      SLACcitation   = "%%CITATION = ARXIV:1007.1727;%%"
}

@article{CMS-LUM-17-003,
    author = "Sirunyan, Albert M and others",
    collaboration = "CMS",
    title = "Precision luminosity measurement in proton-proton collisions at $\sqrt{s} =$ 13 {TeV} in 2015 and 2016 at {CMS}",
    eprint = "2104.01927",
    archivePrefix = "arXiv",
    primaryClass = "hep-ex",
    reportNumber = "CMS-LUM-17-003, CERN-EP-2021-033",
    year = "2021",
    doi = "10.1140/epjc/s10052-021-09538-2",
    journal = "Eur. Phys. J. C",
    volume = "81",
    pages = "800",
}
@TECHREPORT{LUM-17-001,
      title         = "{CMS} Luminosity Measurements for the 2016 Data-Taking
                       Period",
       TYPE        = "CMS Physics Analysis Summary",
      collaboration = "CMS",
      number        = "CMS-PAS-LUM-17-001",
      year          = "2017",
      reportNumber  = "CMS-PAS-LUM-17-001",
      url           = "https://cds.cern.ch/record/2257069",
}
@TECHREPORT{LUM-17-004,
	title         = "{CMS} luminosity measurement for the 2017 data-taking period at $\sqrt{s}=$ 13 {TeV}",
	TYPE        = "CMS Physics Analysis Summary",
	collaboration = "CMS",
	number        = "CMS-PAS-LUM-17-004",
	year          = "2018",
	reportNumber  = "CMS-PAS-LUM-17-004",
	url           = "https://cds.cern.ch/record/2621960",
}
@TECHREPORT{LUM-18-002,
	title         = "{CMS} luminosity measurement for the 2018 data-taking period at $\sqrt{s}=$ 13 {TeV}",
	TYPE        = "CMS Physics Analysis Summary",
	collaboration = "CMS",
	number        = "CMS-PAS-LUM-18-002",
	year          = "2019",
	reportNumber  = "CMS-PAS-LUM-18-002",
	url           = "https://cds.cern.ch/record/2676164",
}


@article{Sirunyan:2018nqx,
    author = "Sirunyan, Albert M and others",
    collaboration = "CMS",
    title = "{Measurement of the inelastic proton-proton cross section at $ \sqrt{s}=13 $ TeV}",
    eprint = "1802.02613",
    archivePrefix = "arXiv",
    primaryClass = "hep-ex",
    reportNumber = "CMS-FSQ-15-005, CERN-EP-2018-004",
    doi = "10.1007/JHEP07(2018)161",
    journal = "JHEP",
    volume = "07",
    pages = "161",
    year = "2018"
}


@article{cite:cs1,
      author         = "Martin, A. D. and Stirling, W. J. and Thorne, R. S. and
                        Watt, G.",
      title          = "Parton distributions for the {LHC}",
      journal        = "Eur. Phys. J. C",
      volume         = "63",
      pages          = "189",
      doi            = "10.1140/epjc/s10052-009-1072-5",
      year           = "2009",
      eprint         = "0901.0002",
      archivePrefix  = "arXiv",
      primaryClass   = "hep-ph",
      reportNumber   = "IPPP-08-95, DCPT-08-190, CAVENDISH-HEP-08-16",
      SLACcitation   = "%%CITATION = ARXIV:0901.0002;%%",
}

@article{cite:cs2,
      author         = "Lai, {Hung-Liang} and Guzzi, Marco and Huston, Joey and Li,
                        Zhao and Nadolsky, Pavel M. and Pumplin, Jon and Yuan, C.-P.",
      title          = "New parton distributions for collider physics",
      journal        = "Phys. Rev. D",
      volume         = "82",
      pages          = "74024",
      doi            = "10.1103/PhysRevD.82.074024",
      year           = "2010",
      eprint         = "1007.2241",
      archivePrefix  = "arXiv",
      primaryClass   = "hep-ph",
      reportNumber   = "MSUHEP-100707, SMU-HEP-10-10",
      SLACcitation   = "%%CITATION = ARXIV:1007.2241;%%",
}


@article{Butterworth:2015oua,
      author         = "Butterworth, Jon and others",
      title          = "{PDF4LHC} recommendations for {LHC} Run {II}",
      journal        = "J. Phys. G",
      volume         = "43",
      year           = "2016",
      pages          = "023001",
      doi            = "10.1088/0954-3899/43/2/023001",
      eprint         = "1510.03865",
      archivePrefix  = "arXiv",
      primaryClass   = "hep-ph",
      reportNumber   = "OUTP-15-17P, SMU-HEP-15-12, TIF-UNIMI-2015-14,
                        LCTS-2015-27, CERN-PH-TH-2015-249",
      SLACcitation   = "%%CITATION = ARXIV:1510.03865;%%"
}




@TECHREPORT{cite:l3,
      author         = "{ATLAS and CMS Collaborations, The LHC Higgs combination group}",
      title         = "Procedure for the {LHC Higgs} boson search combination in
                       Summer 2011",
      number        = "CMS-NOTE-2011-005. ATL-PHYS-PUB-2011-11",
      year          = "2011",
      reportNumber  = "CMS-NOTE-2011-005",
      url           = "https://cds.cern.ch/record/1379837"
     }
@article{Sirunyan:2018tbk,
      author         = "Sirunyan, Albert M. and others",
      title          = "{Search for the decay of a Higgs boson in the
                        $\ell\ell\gamma$ channel in proton-proton collisions at
                        $\sqrt{s} =$ 13 TeV}",
      collaboration  = "CMS",
      journal        = "JHEP",
      volume         = "11",
      year           = "2018",
      pages          = "152",
      doi            = "10.1007/JHEP11(2018)152",
      eprint         = "1806.05996",
      archivePrefix  = "arXiv",
      primaryClass   = "hep-ex",
      reportNumber   = "CMS-HIG-17-007, CERN-EP-2018-092",
      SLACcitation   = "%%CITATION = ARXIV:1806.05996;%%"
}

@article{Aaboud:2017uhw,
      author         = "Aaboud, M. and others",
      title          = "{Searches for the $Z\gamma$ decay mode of the Higgs boson
                        and for new high-mass resonances in $pp$ collisions at
                        $\sqrt{s} = 13$ TeV with the ATLAS detector}",
      collaboration  = "ATLAS",
      journal        = "JHEP",
      volume         = "10",
      year           = "2017",
      pages          = "112",
      doi            = "10.1007/JHEP10(2017)112",
      eprint         = "1708.00212",
      archivePrefix  = "arXiv",
      primaryClass   = "hep-ex",
      reportNumber   = "CERN-EP-2017-095",
      SLACcitation   = "%%CITATION = ARXIV:1708.00212;%%"
}
@article{Dauncey:2014xga,
      author         = "Dauncey, P. D. and Kenzie, M. and Wardle, N. and Davies,
                        G. J.",
      title          = "{Handling uncertainties in background shapes}",
      journal        = "JINST",
      volume         = "10",
      year           = "2015",
      pages          = "P04015",
      doi            = "10.1088/1748-0221/10/04/P04015",
      eprint         = "1408.6865",
      archivePrefix  = "arXiv",
      primaryClass   = "physics.data-an",
      SLACcitation   = "%%CITATION = ARXIV:1408.6865;%%"
}

@article{Fisher:1922saa,
      author         = "Fisher, R. A.",
      title          = "{On the mathematical foundations of theoretical
                        statistics}",
      journal        = "Phil. Trans. Roy. Soc. Lond.",
      volume         = "222",
      year           = "1922",
      pages          = "309",
      doi            = "10.1098/rsta.1922.0009",
      SLACcitation   = "%%CITATION = PTRSA,A222,309;%%"
}
@article{HZg_angle1,
  author = "Gainer, James S. and Keung, Wai-Yee and Low, Ian and Schwaller, Pedro",
    title = "{Looking for a light Higgs boson in the $Z \gamma \to \ell \ell \gamma$ channel}",
    eprint = "1112.1405",
    archivePrefix = "arXiv",
    primaryClass = "hep-ph",
    reportNumber = "ANL-HEP-PR-11-85, NUHEP-TH-11-25",
    doi = "10.1103/PhysRevD.86.033010",
    journal = "Phys. Rev. D",
    volume = "86",
    pages = "033010",
    year = "2012"
}

@article{HZg_angle2,
  author = "Gainer, James S. and Kumar, Kunal and Low, Ian and Vega-Morales, Roberto",
    title = "{Improving the sensitivity of Higgs boson searches in the golden channel}",
    eprint = "1108.2274",
    archivePrefix = "arXiv",
    primaryClass = "hep-ph",
    doi = "10.1007/JHEP11(2011)027",
    journal = "JHEP",
    volume = "11",
    pages = "027",
    year = "2011"
}
@article{Degrassi:2019yix,
    author = "Degrassi, G. and Vitti, M.",
    title = "{The effect of an anomalous Higgs trilinear self-coupling on the $h \rightarrow \gamma \, Z$ decay}",
    eprint = "1912.06429",
    archivePrefix = "arXiv",
    primaryClass = "hep-ph",
    doi = "10.1140/epjc/s10052-020-7860-7",
    journal = "Eur. Phys. J. C",
    volume = "80",
    pages = "307",
    year = "2020"
}

@article{nnpdf_new,
      author         = "Ball, Richard D. and Bertone, Valerio and Cerutti,
                        Francesco and Del Debbio, Luigi and Forte, Stefano and Groth-Merrild, Patrick and 
                        Guffanti, Alberto amd Kassabov, Zahari and Latorre, Jos{\'e} I. and Nocera, Emanuele R. and Rojo, Juan and Rottoli, Luca and Slade, Emma and Ubiali, Maria",
      collaboration = "NNPDF",
      title          = "Parton distributions from high-precision collider data",
      journal        = "Eur. Phys. J. C",
      volume         = "77",
      pages          = "663",
      eprint         = "1706.00428",
      archivePrefix  = "arXiv",
      primaryClass   = "hep-ph",
      doi            = "10.1140/epjc/s10052-017-5199-5",
      year           = "2017"
}
@article{Frixione:2007nw,
    author = "Frixione, Stefano and Nason, Paolo and Ridolfi, Giovanni",
    title = "{A Positive-weight next-to-leading-order Monte Carlo for heavy flavour hadroproduction}",
    eprint = "0707.3088",
    archivePrefix = "arXiv",
    primaryClass = "hep-ph",
    reportNumber = "BICOCCA-FT-07-12, GEF-TH-19-2007",
    doi = "10.1088/1126-6708/2007/09/126",
    journal = "JHEP",
    volume = "09",
    pages = "126",
    year = "2007"
}
@article{Cacciari:2011ma,
      author         = "Cacciari, Matteo and Salam, Gavin P. and Soyez, Gregory",
      title          = "{FastJet user manual}",
      journal        = "Eur. Phys. J. C",
      volume         = "72",
      pages          = "1896",
      doi            = "10.1140/epjc/s10052-012-1896-2",
      year           = "2012",
      eprint         = "1111.6097",
      archivePrefix  = "arXiv",
      primaryClass   = "hep-ph",
      reportNumber   = "CERN-PH-TH-2011-297",
      SLACcitation   = "%%CITATION = ARXIV:1111.6097;%%",
}
@article{CMS:2019ctu,
      author         = "Sirunyan, Albert M and others",
      title          = "Performance of missing transverse momentum
                        reconstruction in proton-proton collisions at $\sqrt{s} =
                        13$\,{TeV} using the {CMS} detector",
      collaboration  = "CMS",
      journal        = "JINST",
      volume         = "14",
      year           = "2019",
      pages          = "P07004",
      doi            = "10.1088/1748-0221/14/07/P07004",
      eprint         = "1903.06078",
      archivePrefix  = "arXiv",
      primaryClass   = "hep-ex",
      reportNumber   = "CMS-JME-17-001, CERN-EP-2018-335",
      SLACcitation   = "%%CITATION = ARXIV:1903.06078;%%"
}

@article{Low:2011gn,
    author = "Low, Ian and Lykken, Joseph and Shaughnessy, Gabe",
    title = "{Singlet scalars as Higgs imposters at the Large Hadron Collider}",
    eprint = "1105.4587",
    archivePrefix = "arXiv",
    primaryClass = "hep-ph",
    reportNumber = "FERMILAB-PUB-11-312-T",
    doi = "10.1103/PhysRevD.84.035027",
    journal = "Phys. Rev. D",
    volume = "84",
    pages = "035027",
    year = "2011"
}
@article{Chen:2013vi,
    author = "Chen, Chian-Shu and Geng, Chao-Qiang and Huang, Da and Tsai, Lu-Hsing",
    title = "{New scalar contributions to $h\to Z\gamma$}",
    eprint = "1301.4694",
    archivePrefix = "arXiv",
    primaryClass = "hep-ph",
    doi = "10.1103/PhysRevD.87.075019",
    journal = "Phys. Rev. D",
    volume = "87",
    pages = "075019",
    year = "2013"
}
@article{CMS:2008xjf,
    author = "Chatrchyan, S. and others",
    collaboration = "CMS",
    title = "The {CMS} experiment at the {CERN} {LHC}",
    doi = "10.1088/1748-0221/3/08/S08004",
    journal = "JINST",
    volume = "3",
    pages = "S08004",
    year = "2008"
}
@article{CMS:2015myp,
    author = "Khachatryan, Vardan and others",
    collaboration = "CMS",
    title = "Performance of Photon Reconstruction and Identification with the {CMS} Detector in Proton-Proton Collisions at sqrt(s) = 8 {TeV}",
    eprint = "1502.02702",
    archivePrefix = "arXiv",
    primaryClass = "physics.ins-det",
    reportNumber = "CMS-EGM-14-001, CERN-PH-EP-2015-006",
    doi = "10.1088/1748-0221/10/08/P08010",
    journal = "JINST",
    volume = "10",
    pages = "P08010",
    year = "2015"
}
@article{CMS:2017yfk,
      author         = "Sirunyan, A. M. and others",
      title          = "Particle-flow reconstruction and global event description with the {CMS} detector",
      collaboration  = "CMS",
      journal     = "JINST",
      volume    = "12",
      year         = "2017",
      pages      = "P10003",
      doi           = "10.1088/1748-0221/12/10/P10003",
      eprint         = "1706.04965",
      archivePrefix  = "arXiv",
      primaryClass   = "physics.ins-det",
      reportNumber   = "CMS-PRF-14-001, CERN-EP-2017-110",
      SLACcitation   = "%%CITATION = ARXIV:1706.04965;%%",
}
@article{CMS:2016lmd,
      author         = "Khachatryan, Vardan and others",
      title          = "{Jet energy scale and resolution in the CMS experiment in
                           pp collisions at 8 TeV}",
      collaboration  = "CMS",
      journal        = "JINST",
      volume         = "12",
      year           = "2017",
      pages          = "P02014",
      doi            = "10.1088/1748-0221/12/02/P02014",
      eprint         = "1607.03663",
      archivePrefix  = "arXiv",
      primaryClass   = "hep-ex",
      reportNumber   = "CMS-JME-13-004, CERN-PH-EP-2015-305",
      SLACcitation   = "%%CITATION = ARXIV:1607.03663;%%"
}
@ARTICLE{2012arXiv1211.6581S,
       author = {Spyromitros-Xioufis, Eleftherios and Tsoumakas, Grigorios and Groves, William and Vlahavas, I.},
year = {2016},
month = {07},
title = {Multi-target regression via input space expansion: treating targets as inputs},
volume = {104},
journal = {Machine Learning},
doi = {10.1007/s10994-016-5546-z}
archivePrefix = {arXiv},
       eprint = {1211.6581},
 primaryClass = {cs.LG},
}



@article{CMS:2020uim,
    author = "Sirunyan, Albert M and others",
    collaboration = "CMS",
    title = "{Electron and photon reconstruction and identification with the CMS experiment at the CERN LHC}",
    eprint = "2012.06888",
    archivePrefix = "arXiv",
    primaryClass = "hep-ex",
    reportNumber = "CMS-EGM-17-001, CERN-EP-2020-219",
    doi = "10.1088/1748-0221/16/05/P05014",
    journal = "JINST",
    volume = "16",
    pages = "P05014",
    year = "2021"
}

@ARTICLE{detanneal,
     AUTHOR       = "{W.~Erdmann}",
     TITLE        = "Offline Primary Vertex Reconstruction with Deterministic Annealing Clustering",
     JOURNAL      = "CMS Internal note",
     VOLUME       = "2011/014",
     YEAR         = "2011"
}

@MISCELLANEOUS{L1_prefire,
	howpublished    = "{\url{https://twiki.cern.ch/twiki/bin/viewauth/CMS/L1PrefiringWeightRecipe}}"
}

@ARTICLE{CMS-PAS-HIG-13-006,
     AUTHOR      = "{CMS Collaboration}",
     COLLABORATION = {CMS},
     TITLE       = "Search for a Higgs boson decaying into a Z boson and a Photon in pp collisions at $\sqrt{s}$ = 7 and 8 TeV",
     JOURNAL     = "Phys. Lett. B",
     VOLUME      = "726",
     YEAR        = "2013",
     pages       = "587$-$609"
}

@MISCELLANEOUS{SMImage,
	AUTHOR = "{Wikipedia Commons}",
	TITLE = "File:Standard Model of Elementary Particles.svg",
	YEAR = "2019",
	howpublished = "{\url{https://en.wikipedia.org/wiki/File:Standard_Model_of_Elementary_Particles.svg#file}}"
}

@article{HASERT1973121,
title = {Search for elastic muon-neutrino electron scattering},
journal = {Physics Letters B},
volume = {46},
number = {1},
pages = {121-124},
year = {1973},
issn = {0370-2693},
doi = "10.1016/0370-2693(73)90494-2",
author = {F.J. Hasert and H. Faissner and W. Krenz and J. {Von Krogh} and D. Lanske and J. Morfin and K. Schultze and H. Weerts and G.H. Bertrand-Coremans and J. Lemonne and J. Sacton and W. {Van Doninck} and P. Vilain and C. Baltay and D.C. Cundy and D. Haidt and M. Jaffre and P. Musset and A. Pullia and S. Natali and J.B.M. Pattison and D.H. Perkins and A. Rousset and W. Venus and H.W. Wachsmuth and V. Brisson and B. Degrange and M. Haguenauer and L. Kluberg and U. Nguyen-Khac and P. Petiau and E. Bellotti and S. Bonetti and D. Cavalli and C. Conta and E. Fiorini and M. Rollier and B. Aubert and L.M. Chounet and P. Heusse and A. Lagarrigue and A.M. Lutz and J.P. Vialle and F.W. Bullock and M.J. Esten and T. Jones and J. McKenzie and A.G. Michette and G. Myatt and J. Pinfold and W.G. Scott},
abstract = {One possible event of the process ν−μ + e− → v−μ + e− has been observed. The various background processes are discussed and the event interpreted in terms of the Weinberg theory. The 90% confidence limits on the Weinberg parameter are 0.1 < sin2θW < 0.6.}
}

@article{HASERT1973138,
title = {Observation of neutrino-like interactions without muon or electron in the gargamelle neutrino experiment},
journal = {Physics Letters B},
volume = {46},
number = {1},
pages = {138-140},
year = {1973},
issn = {0370-2693},
doi = {https://doi.org/10.1016/0370-2693(73)90499-1},
author = {F.J. Hasert and S. Kabe and W. Krenz and J. {Von Krogh} and D. Lanske and J. Morfin and K. Schultze and H. Weerts and G.H. Bertrand-Coremans and J. Sacton and W. {Van Doninck} and P. Vilain and U. Camerini and D.C. Cundy and R. Baldi and I. Danilchenko and W.F. Fry and D. Haidt and S. Natali and P. Musset and B. Osculati and R. Palmer and J.B.M. Pattison and D.H. Perkins and A. Pullia and A. Rousset and W. Venus and H. Wachsmuth and V. Brisson and B. Degrange and M. Haguenauer and L. Kluberg and U. Nguyen-Khac and P. Petiau and E. Belotti and S. Bonetti and D. Cavalli and C. Conta and E. Fiorini and M. Rollier and B. Aubert and D. Blum and L.M. Chounet and P. Heusse and A. Lagarrigue and A.M. Lutz and A. Orkin-Lecourtois and J.P. Vialle and F.W. Bullock and M.J. Esten and T.W. Jones and J. McKenzie and A.G. Michette and G. Myatt and W.G. Scott},
abstract = {Events induced by neutral particles and producing hadrons, but no muon or electron, have been observed in the CERN neutrino experiment. These events behave as expected if they arise from neutral current induced processes. The rates relative to the corresponding charged current processes are evaluated.}
}

@article{UA1:1983crd,
    author = "Arnison, G. and others",
    collaboration = "UA1",
    title = "{Experimental Observation of Isolated Large Transverse Energy Electrons with Associated Missing Energy at $\sqrt{s}= 540$ GeV}",
    reportNumber = "CERN-EP-83-13",
    doi = "10.1016/0370-2693(83)91177-2",
    journal = "Phys. Lett. B",
    volume = "122",
    pages = "103--116",
    year = "1983"
}

@article{UA2:1983tsx,
    author = "Banner, M. and others",
    collaboration = "UA2",
    title = "{Observation of Single Isolated Electrons of High Transverse Momentum in Events with Missing Transverse Energy at the CERN anti-p p Collider}",
    reportNumber = "CERN-EP-83-25",
    doi = "10.1016/0370-2693(83)91605-2",
    journal = "Phys. Lett. B",
    volume = "122",
    pages = "476--485",
    year = "1983"
}

@article{Englert:1964et,
    author = "Englert, F. and Brout, R.",
    editor = "Taylor, J. C.",
    title = "{Broken Symmetry and the Mass of Gauge Vector Mesons}",
    doi = "10.1103/PhysRevLett.13.321",
    journal = "Phys. Rev. Lett.",
    volume = "13",
    pages = "321--323",
    year = "1964"
}

@article{Higgs:1964ia,
    author = "Higgs, Peter W.",
    title = "{Broken symmetries, massless particles and gauge fields}",
    doi = "10.1016/0031-9163(64)91136-9",
    journal = "Phys. Lett.",
    volume = "12",
    pages = "132--133",
    year = "1964"
}

@article{Higgs:1964pj,
    author = "Higgs, Peter W.",
    editor = "Taylor, J. C.",
    title = "{Broken Symmetries and the Masses of Gauge Bosons}",
    doi = "10.1103/PhysRevLett.13.508",
    journal = "Phys. Rev. Lett.",
    volume = "13",
    pages = "508--509",
    year = "1964"
}

@article{VHiggsImage,
author = {Adrian Cho},
title = {Spontaneous Symmetry Breaking Decanted},
journal = {Science},
volume = {337},
number = {6100},
pages = {1289-1289},
year = {2012},
doi = {10.1126/science.337.6100.1289},

URL = {https://www.science.org/doi/abs/10.1126/science.337.6100.1289},
eprint = {https://www.science.org/doi/pdf/10.1126/science.337.6100.1289}
}

@article{Evans_2008,
	doi = {10.1088/1748-0221/3/08/s08001},
	url = {https://doi.org/10.1088/1748-0221/3/08/s08001},
	year = 2008,
	month = {aug},
	publisher = {{IOP} Publishing},
	volume = {3},
	number = {08},
	pages = {S08001--S08001},
	author = {Lyndon Evans and Philip Bryant},
	title = {{LHC} Machine},
	journal = {Journal of Instrumentation},
	abstract = {The Large Hadron Collider (LHC) at CERN near Geneva is the world's newest and most powerful tool for Particle Physics research. It is designed to collide proton beams with a centre-of-mass energy of 14 TeV and an unprecedented luminosity of 1034 cm−2 s−1. It can also collide heavy (Pb) ions with an energy of 2.8 TeV per nucleon and a peak luminosity of 1027 cm−2 s−1. In this paper, the machine design is described.}
}

@book{Myers:226776,
      author        = "Myers, Stephen",
      title         = "{The LEP Collider, from design to approval and
                       commissioning}",
      publisher     = "CERN",
      address       = "Geneva",
      series        = "John Adams' memorial lecture",
      year          = "1991",
      url           = "https://cds.cern.ch/record/226776",
      note          = "Delivered at CERN, 26 Nov 1990",
      doi           = "10.5170/CERN-1991-008",
}

@article{Benedikt:2004wm,
    editor = "Benedikt, M. and Collier, P. and Mertens, V. and Poole, J. and Schindl, K.",
    title = "{LHC Design Report. 3. The LHC injector chain}",
    reportNumber = "CERN-2004-003-V-3, CERN-2004-003",
    doi = "10.5170/CERN-2004-003-V-3",
    month = "12",
    year = "2004"
}

@MISCELLANEOUS{CERN_complex,
	howpublished    = "{\url{https://home.cern/science/accelerators/accelerator-complex}}"
}

@MISCELLANEOUS{detector_image,
	howpublished    = "{\url{https://cms.cern/detector}}"
}

@article{Cavallari:2798128,
      author        = "Cavallari, Francesca and Rovelli, Chiara Ilaria",
      title         = "{Calibration and Performance of the CMS Electromagnetic
                       Calorimeter in LHC Run2}",
      institution   = "CERN",
      collaboration = "CMS Collaboration",
      address       = "Geneva",
      reportNumber  = "CMS-CR-2020-023",
      month         = "May",
      year          = "2021",
      url           = "http://cds.cern.ch/record/2798128",
}

@article{Adam:815410,
      author        = "Adam, Wolfgang and Frühwirth, R and Strandlie, Are and
                       Todor, T",
      title         = "{Reconstruction of Electrons with the Gaussian-Sum Filter
                       in the CMS Tracker at the LHC}",
      institution   = "CERN",
      address       = "Geneva",
      reportNumber  = "CMS-NOTE-2005-001",
      month         = "Jan",
      year          = "2005",
      url           = "https://cds.cern.ch/record/815410",
}

@article{FRUHWIRTH1987444,
title = {Application of Kalman filtering to track and vertex fitting},
journal = {Nuclear Instruments and Methods in Physics Research Section A: Accelerators, Spectrometers, Detectors and Associated Equipment},
volume = {262},
number = {2},
pages = {444-450},
year = {1987},
issn = {0168-9002},
doi = {https://doi.org/10.1016/0168-9002(87)90887-4},
url = {https://www.sciencedirect.com/science/article/pii/0168900287908874},
author = {R. Frühwirth},
abstract = {Recently iterative procedures have been proposed for track and vertex fitting in counter experiments. We show that the proper theoretical framework for these procedures is the theory of linear filtering, in particular the Kalman filter. Using results from filtering theory we confirm and extend the previous results. We also discuss the detection of outliers and of secondary vertices.}
}

@article{MUON:DP2019,
	title={Muon reconstruction performance during Run 2},
	author="{CMS Collaboration}",
	reportNumber = "CMS-DP-2019-022",
	month = "Jul",
	year = "2019",
	url = "https://cds.cern.ch/record/2682902/files/DP2019_022.pdf"
}

@MISCELLANEOUS{EGM:PhotonID,
	howpublished="{\url{https://twiki.cern.ch/twiki/bin/view/CMS/MultivariatePhotonIdentificationRun2}}"
}
